<?xml version="1.0" encoding="UTF-8"?>
<marc:collection xmlns:marc="http://www.loc.gov/MARC21/slim" xmlns:xsi="http://www.w3.org/2001/XMLSchema-instance" xsi:schemaLocation="http://www.loc.gov/MARC21/slim http://www.loc.gov/standards/marcxml/schema/MARC21slim.xsd">
   <marc:record type="Bibliographic">
      <marc:leader>02610cam a2200445 a 4500</marc:leader>
      <marc:controlfield tag="001">418022</marc:controlfield>
      <marc:controlfield tag="003">NjP</marc:controlfield>
      <marc:controlfield tag="005">20130426091917.0</marc:controlfield>
      <marc:controlfield tag="008">871223s1985    ir            000 0 ara d</marc:controlfield>
      <marc:datafield tag="024" ind1="7" ind2=" ">
         <marc:subfield code="a">princeton_aco000866</marc:subfield>
         <marc:subfield code="2">local</marc:subfield>
      </marc:datafield>
      <marc:datafield tag="035" ind1=" " ind2=" ">
         <marc:subfield code="a">(OCoLC)ocn175795320</marc:subfield>
      </marc:datafield>
      <marc:datafield tag="035" ind1=" " ind2=" ">
         <marc:subfield code="a">(OCoLC)27033239</marc:subfield>
      </marc:datafield>
      <marc:datafield tag="040" ind1=" " ind2=" ">
         <marc:subfield code="a">NjP</marc:subfield>
         <marc:subfield code="c">PUL</marc:subfield>
         <marc:subfield code="d">PUL</marc:subfield>
      </marc:datafield>
      <marc:datafield tag="035" ind1=" " ind2=" ">
         <marc:subfield code="a">(OCoLC)175795320</marc:subfield>
      </marc:datafield>
      <marc:datafield tag="035" ind1=" " ind2=" ">
         <marc:subfield code="a">(CStRLIN)NJPG87-B63778</marc:subfield>
      </marc:datafield>
      <marc:datafield tag="035" ind1=" " ind2=" ">
         <marc:subfield code="9">ABZ3565TS</marc:subfield>
      </marc:datafield>
      <marc:datafield tag="035" ind1=" " ind2=" ">
         <marc:subfield code="a">(NjP)418022</marc:subfield>
      </marc:datafield>
      <marc:datafield tag="079" ind1=" " ind2=" ">
         <marc:subfield code="a">ocm27033239</marc:subfield>
      </marc:datafield>
      <marc:datafield tag="049" ind1=" " ind2=" ">
         <marc:subfield code="a">PULL</marc:subfield>
      </marc:datafield>
      <marc:datafield tag="100" ind1="1" ind2=" ">
         <marc:subfield code="6">880-01</marc:subfield>
         <marc:subfield code="a">Ḥillī, Jaʻfar ibn Muḥammad,</marc:subfield>
         <marc:subfield code="d">1171 or 1172-1247 or 1248.</marc:subfield>
      </marc:datafield>
      <marc:datafield tag="245" ind1="1" ind2="0">
         <marc:subfield code="6">880-02</marc:subfield>
         <marc:subfield code="a">Muthīr al-aḥzān /</marc:subfield>
         <marc:subfield code="c">lil-Shaykh Ibn Namā al-Ḥillī. "al-Taḥṣīn" fī ṣifāt al-ʻārifīn min al-ʻuzlah wa-al-khumūl : bi-al-asānīd al-mutalaqāh min Āl al-rasūl / taʼlīf Jamāl al-Dīn Aḥmad ibn Muḥammad ibn Fahd ; taḥqīq [al-ithnayn] Muʼassasat al-Imām al-Mahdī.</marc:subfield>
      </marc:datafield>
      <marc:datafield tag="260" ind1=" " ind2=" ">
         <marc:subfield code="6">880-03</marc:subfield>
         <marc:subfield code="a">Qum :</marc:subfield>
         <marc:subfield code="b">Madrasat al-Imām al-Mahdī,</marc:subfield>
         <marc:subfield code="c">1406 [1985 or 1986]</marc:subfield>
      </marc:datafield>
      <marc:datafield tag="300" ind1=" " ind2=" ">
         <marc:subfield code="a">125, 32 p. ;</marc:subfield>
         <marc:subfield code="c">24 cm.</marc:subfield>
      </marc:datafield>
      <marc:datafield tag="440" ind1=" " ind2="0">
         <marc:subfield code="6">880-04</marc:subfield>
         <marc:subfield code="a">Manshūrāt Madrasat al-Imām al-Mahdī ;</marc:subfield>
         <marc:subfield code="v">raqm 18-19</marc:subfield>
      </marc:datafield>
      <marc:datafield tag="500" ind1=" " ind2=" ">
         <marc:subfield code="a">Cover title.</marc:subfield>
      </marc:datafield>
      <marc:datafield tag="650" ind1=" " ind2="0">
         <marc:subfield code="6">880-05</marc:subfield>
         <marc:subfield code="a">Hadith.</marc:subfield>
      </marc:datafield>
      <marc:datafield tag="700" ind1="1" ind2="2">
         <marc:subfield code="6">880-06</marc:subfield>
         <marc:subfield code="a">Asadī, Aḥmad ibn Muḥammad,</marc:subfield>
         <marc:subfield code="d">1625 or 6-1650?</marc:subfield>
         <marc:subfield code="t">Taḥṣīn fī ṣifāt al-ʻārifīn min al-ʻuzlah wa-al-khumūl.</marc:subfield>
         <marc:subfield code="f">1985.</marc:subfield>
      </marc:datafield>
      <marc:datafield tag="710" ind1="2" ind2=" ">
         <marc:subfield code="6">880-07</marc:subfield>
         <marc:subfield code="a">Muʼassasah-ʼi al-Imām al-Mahdī.</marc:subfield>
      </marc:datafield>
      <marc:datafield tag="740" ind1="0" ind2=" ">
         <marc:subfield code="6">880-08</marc:subfield>
         <marc:subfield code="a">Taḥṣīn fī ṣifāt al-ʻārifīn min al-ʻuzlah wa-al-khumūl.</marc:subfield>
      </marc:datafield>
      <marc:datafield tag="880" ind1="1" ind2=" ">
         <marc:subfield code="6">100-01/r</marc:subfield>
         <marc:subfield code="a">حلي، جعفر بن محمد،</marc:subfield>
         <marc:subfield code="d">1171 or 1172-1247 or 1248.</marc:subfield>
      </marc:datafield>
      <marc:datafield tag="880" ind1="1" ind2="0">
         <marc:subfield code="6">245-02/r</marc:subfield>
         <marc:subfield code="a">مثير الاحزان /</marc:subfield>
         <marc:subfield code="c">للشيخ ابن نما الحلي. "التحصين" في صفات العارفين من العزلة والخمول : بالاسانيد المتلقاه من آل الرسول / تأليف جمال الدين احمد بن محمد بن فهد ؛ تحقيق [الاثنين] مؤسسة الامام المهدي.</marc:subfield>
      </marc:datafield>
      <marc:datafield tag="880" ind1=" " ind2=" ">
         <marc:subfield code="6">260-03/r</marc:subfield>
         <marc:subfield code="a">قم :</marc:subfield>
         <marc:subfield code="b">مدرسة الامام المهدي،</marc:subfield>
         <marc:subfield code="c">1406 [1985 or 1986]</marc:subfield>
      </marc:datafield>
      <marc:datafield tag="880" ind1=" " ind2="0">
         <marc:subfield code="6">440-04/r</marc:subfield>
         <marc:subfield code="a">منشورات مدرسة الامام المهدي ؛</marc:subfield>
         <marc:subfield code="v">رقم 18-19</marc:subfield>
      </marc:datafield>
      <marc:datafield tag="880" ind1=" " ind2="0">
         <marc:subfield code="6">650-05/r</marc:subfield>
         <marc:subfield code="a">حديث.</marc:subfield>
      </marc:datafield>
      <marc:datafield tag="880" ind1="1" ind2="2">
         <marc:subfield code="6">700-06/r</marc:subfield>
         <marc:subfield code="a">اسدي، احمد بن محمد،</marc:subfield>
         <marc:subfield code="d">1625 or 6-1650؟</marc:subfield>
         <marc:subfield code="t">تحصين في صفات العارفين من العزلة والخمول.</marc:subfield>
         <marc:subfield code="f">1985.</marc:subfield>
      </marc:datafield>
      <marc:datafield tag="880" ind1="2" ind2=" ">
         <marc:subfield code="6">710-07/r</marc:subfield>
         <marc:subfield code="a">مؤسسهئ الامام المهدي.</marc:subfield>
      </marc:datafield>
      <marc:datafield tag="880" ind1="0" ind2=" ">
         <marc:subfield code="6">740-08/r</marc:subfield>
         <marc:subfield code="a">تحصين في صفات العارفين من العزلة والخمول.</marc:subfield>
      </marc:datafield>
      <marc:datafield tag="998" ind1=" " ind2=" ">
         <marc:subfield code="a">09/17/90</marc:subfield>
         <marc:subfield code="s">9118</marc:subfield>
         <marc:subfield code="n">NjP</marc:subfield>
         <marc:subfield code="w">NJPG87B63778</marc:subfield>
         <marc:subfield code="d">12/23/87</marc:subfield>
         <marc:subfield code="c">JEB</marc:subfield>
         <marc:subfield code="b">JEB</marc:subfield>
         <marc:subfield code="i">900917</marc:subfield>
         <marc:subfield code="l">NJPG</marc:subfield>
      </marc:datafield>
      <marc:datafield tag="911" ind1=" " ind2=" ">
         <marc:subfield code="a">19921028</marc:subfield>
      </marc:datafield>
      <marc:datafield tag="912" ind1=" " ind2=" ">
         <marc:subfield code="a">19910104000000.0</marc:subfield>
      </marc:datafield>
      <marc:datafield tag="994" ind1=" " ind2=" ">
         <marc:subfield code="a">C0</marc:subfield>
         <marc:subfield code="b">PUL</marc:subfield>
      </marc:datafield>
      <marc:datafield tag="999" ind1=" " ind2=" ">
         <marc:subfield code="a">418022</marc:subfield>
      </marc:datafield>
   </marc:record>
</marc:collection>
